<?xml version="1.0" encoding="UTF-8"?><collection xmlns="http://www.loc.gov/MARC21/slim"><record><leader>00463nam--2200133-i-4500</leader><controlfield tag="001">000038721</controlfield><controlfield tag="002">20161230</controlfield><controlfield tag="005">20161230201041</controlfield><controlfield tag="008">060222s1000------------r-----000-0-eng-d</controlfield><datafield ind1=" " ind2=" " tag="080"><subfield code="a">548.56:546.3-19(043)</subfield></datafield><datafield ind1=" " ind2=" " tag="100"><subfield code="a">Rialland, Jean-francois</subfield></datafield><datafield ind1=" " ind2=" " tag="245"><subfield code="a">Contributiiion a l`etude du transport atomkique dans les alliages liquides, in-pb et se-te. relfations avec les proprietes structureles. these</subfield></datafield><datafield ind1=" " ind2=" " tag="260"><subfield code="a">Orsay, Univ. De Paris-s Ud, 1977. 173 P</subfield></datafield><datafield ind1=" " ind2=" " tag="852"><subfield code="a">77293</subfield></datafield></record></collection>